@library { datasetLetter,
  journal = "Machine Learning",
  author = "David J. Slate ",
  title = "Letter Recognition Data Set ",
  year = "1991",
  url = "https://archive.ics.uci.edu/ml/datasets/letter+recognition",
}

@article { frey1991letter,
  journal = "Machine Learning",
  author = "Peter W Frey and David J Slate",
  title = "Letter Recognition Using Holland-Style Adaptive Classifiers",
  pages = "161",
  volume = "6",
  year = "1991",
}

@library { caretlibrary,
  journal = "Machine Learning",
  author = "Max Kuhn",
  title = "Caret package ",
  year = "2017",
  url = "https://cran.r-project.org/web/packages/caret/caret.pdf",
}

@library { randomForestlibrary,
  journal = "Machine Learning",
  author = "Fortran original by Leo Breiman and Adele Cutler, R port by Andy Liaw and Matthew Wiener.",
  title = "Package RandomForest ",
  year = "2015",
  url = "https://cran.r-project.org/web/packages/randomForest/randomForest.pdf",
}